<?xml version="1.0" encoding="UTF-8"?>
<record xmlns="http://www.loc.gov/MARC21/slim">
   <leader>00782cam a22001931a 4500</leader>
   <controlfield tag="001">3204138</controlfield>
   <controlfield tag="003">NjP</controlfield>
   <controlfield tag="005">20171214170838.0</controlfield>
   <controlfield tag="008">000713s1962    iq ab         000 0 arard</controlfield>
   <datafield tag="024" ind1="7" ind2=" ">
      <subfield code="a">princeton_aco004865</subfield>
      <subfield code="2">local</subfield>
   </datafield>
   <datafield ind1=" " ind2=" " tag="010">
      <subfield code="a">67001687</subfield>
   </datafield>
   <datafield ind1=" " ind2=" " tag="040">
      <subfield code="a">NjP</subfield>
      <subfield code="c">NjP</subfield>
   </datafield>
   <datafield ind1=" " ind2=" " tag="043">
      <subfield code="a">a-iq---</subfield>
   </datafield>
   <datafield ind1="1" ind2=" " tag="100">
      <subfield code="a">Massignon, Louis,</subfield>
      <subfield code="d">1883-1962.</subfield>
      <subfield code="0">http://id.loc.gov/authorities/names/n80013400</subfield>
   </datafield>
   <datafield ind1="1" ind2="0" tag="245">
      <subfield code="a">Taʹliqāt ʻalā lahjah Baghdād al-ʻarabiyah /</subfield>
      <subfield code="c">taʾlīf Lūwis Māsīnīyun ; tarjamat Akram Fādil.</subfield>
   </datafield>
   <datafield ind1=" " ind2=" " tag="260">
      <subfield code="a">Baghdād :</subfield>
      <subfield code="b">Markaz al-Fulklūr al-Iraqi fi Wizārat al-Irshād,</subfield>
      <subfield code="c">1962.</subfield>
   </datafield>
   <datafield ind1=" " ind2=" " tag="300">
      <subfield code="a">80 p. :</subfield>
      <subfield code="b">ill., map. ;</subfield>
      <subfield code="c">22 cm.</subfield>
   </datafield>
   <datafield ind1=" " ind2="0" tag="440">
      <subfield code="a">Maktabah Fūlklūriyah ;</subfield>
      <subfield code="v">2</subfield>
   </datafield>
   <datafield ind1=" " ind2="0" tag="650">
      <subfield code="a">Arabic language</subfield>
      <subfield code="x">Dialects</subfield>
      <subfield code="z">Bagdad.</subfield>
   </datafield>
   <datafield ind1=" " ind2=" " tag="902">
      <subfield code="a">jab</subfield>
      <subfield code="b">r</subfield>
      <subfield code="c">b</subfield>
      <subfield code="d">v</subfield>
      <subfield code="e">20000803</subfield>
      <subfield code="f">0</subfield>
   </datafield>
   <datafield ind1="8" ind2=" " tag="852">
      <subfield code="0">3531265</subfield>
      <subfield code="b">rcppa</subfield>
      <subfield code="h">2278.492.64</subfield>
      <subfield code="x">tr fr f</subfield>
   </datafield>
   <datafield ind1=" " ind2=" " tag="959">
      <subfield code="a">2004-09-30 11:12:13 -0400</subfield>
   </datafield>
</record>
